@manual{lab-manual,
    title = {ECE 355 Lab Manual},
    author = {University of Victoria, Department of Electrical and Computer Engineering},
    year = {2024},
    url = {https://www.ece.uvic.ca/~ece355/lab}
}

